@Book{book:Lvov,
  author    = {Львовский Сергей Михайлович},
  date      = {2003-09-10},
  title     = {Набор и верстка в системе LATEX},
  isbn      = {ISBN 5-94057-091-7},
  pages     = {448},
  publisher = {Москва : МЦНМО, 2003 (ГУП ИПК Ульян. Дом печати)},
}

@Online{url:SAE_J3016,
  title   = {Taxonomy and Definitions for Terms Related to Driving Automation 
  Systems for On-Road Motor Vehicles. [Электронный ресурс]},
  url     = {https://www.sae.org/standards/content/j3016_202104/},
  urldate = {2023-10-14},
}